2234 3180
345 359 598 421 ficcntiae
640 379 935 419 numeros
969 358 1356 442 impleveris;
1404 358 1540 442 quis
1562 378 1780 419 omnes

346 468 512 508 nune
549 464 750 531 partes
788 445 944 506 adeo
987 444 1194 507 exaffte
1229 446 1292 507 in
1310 443 1545 507 afflone
1569 446 1783 528 gratia-

346 556 488 595 rum
504 529 940 619 prosequatur?

460 616 706 681 Adsunt
761 641 836 680 ex
883 614 1249 704 ampliffimo
1297 621 1784 703 purpuratorum

345 710 595 768 Parrum
616 709 842 767 Senatu
861 707 972 766 tria
994 702 1461 789 prestantiffima
1488 706 1783 766 Lumina.

344 793 665 855 Dominus
692 792 1034 854 Cardinalis
1061 791 1395 875 Imperialis
1420 791 1568 851 olim
1586 792 1648 851 in
1673 813 1785 852 no-

344 878 470 941 strae
492 877 679 942 Urbis
700 877 1122 940 moderamine
1144 878 1392 960 Legati,
1419 898 1486 937 ac
1512 878 1573 937 in
1599 882 1783 939 Sacro

344 966 670 1048 Regimine
699 965 981 1048 Delegati
998 985 1229 1026 munus
1258 985 1551 1025 exercens
1574 1011 1589 1035 ,
1617 985 1784 1025 nunc

343 1056 495 1114 vero
515 1052 786 1137 Capituli
820 1050 1007 1113 nostri
1033 1053 1332 1112 Patronus
1352 1099 1366 1123 ,
1405 1048 1783 1112 inomnibus

344 1138 706 1201 muneribus
739 1135 974 1223 semper
1000 1138 1165 1199 idem
1194 1186 1209 1210 ‚
1246 1138 1303 1198 ἃ
1323 1137 1607 1198 eximius,
1654 1136 1785 1199 Ad-

346 1223 429 1286 est
477 1225 789 1288 Dominus
831 1224 1173 1286 Cardinalis
1216 1224 1575 1285 Pauluccius
1604 1271 1618 1296 ,
1677 1224 1785 1308 qui

345 1309 786 1373 Ferrarieniem
808 1314 1005 1396 nuper
1020 1307 1355 1373 Ecclesiam
1378 1331 1784 1393 regens‚nun-

347 1400 540 1482 quam
586 1396 878 1470 deseruit,
916 1398 1243 1484 nunquam
1277 1392 1494 1458 deserit
1531 1393 1742 1459 absens
1770 1444 1785 1468 ‚

345 1486 425 1545 ita
473 1501 541 1546 ut
575 1485 857 1548 videatur
887 1485 950 1544 in
984 1506 1053 1545 ea
1096 1506 1220 1546 una
1241 1532 1256 1556 ,
1303 1483 1521 1547 oculos
1557 1482 1742 1567 figere
1770 1531 1784 1555 ,

348 1593 509 1656 quos
540 1572 794 1633 Mundo
833 1569 1047 1644 debet,
1068 1570 1304 1657 accepti
1329 1566 1577 1650 hujusce
1597 1569 1786 1631 bene-

347 1658 466 1719 ficii
511 1655 712 1720 fautor
757 1655 1153 1741 amplissimus
1198 1705 1210 1718 .
1275 1654 1468 1717 Adest
1514 1657 1786 1742 denique

345 1745 662 1807 Dominus
686 1745 1027 1805 Cardinalis
1060 1744 1137 1806 de
1159 1746 1386 1806 Verme
1410 1741 1625 1804 nostrae
1651 1765 1786 1803 mo-

347 1831 429 1892 do
461 1831 745 1893 Civitatis
787 1829 1058 1892 Antistes
1080 1879 1095 1902 ,
1125 1830 1204 1890 ad
1242 1851 1500 1891 omnem
1528 1835 1783 1914 prorsus

348 1915 777 2003 praestantioris
825 1913 1233 1977 {anfftimoniae
1279 1936 1564 1976 normam
1598 1965 1612 1989 ,
1661 1917 1786 1977 cul-

348 2025 613 2089 tumque
638 2001 1047 2087 compostum.
1095 2002 1402 2064 Plaudunt
1443 1999 1507 2062 hi
1529 2002 1786 2088 quidem

348 2094 588 2153 Omnes
631 2086 1047 2153 beneficentiae
1083 2106 1202 2150 tuae
1227 2089 1379 2149 mira
1404 2091 1673 2173 quadam
1695 2088 1786 2170 ju-

347 2177 662 2239 cunditate
709 2173 966 2263 perfusi,
1009 2176 1183 2262 quod
1223 2173 1488 2237 finitimo
1533 2176 1786 2238 ardente

346 2262 596 2336 bello‚in
624 2264 1004 2326 Sunamitide
1027 2262 1298 2335 videant,
1323 2262 1445 2324 hoc
1472 2261 1555 2324 est
1578 2263 1640 2323 in
1665 2264 1783 2323 Ec-

348 2347 520 2412 clefia
548 2398 564 2422 ,
592 2373 782 2436 quarn
807 2349 996 2413 veluti
1022 2346 1258 2435 semper
1285 2346 1582 2435 Sponsam
1606 2349 1781 2410 Uxo-

349 2459 482 2498 rem
507 2438 674 2519 Agni
715 2460 837 2522 prae
863 2437 1054 2499 oculis
1080 2434 1298 2499 habeat
1324 2485 1339 2508 ‚
1380 2457 1581 2496 novos
1610 2436 1781 2518 quasi

348 2519 652 2609 quosdam
679 2522 1043 2585 Castrorum
1067 2522 1316 2585 Choros
1344 2518 1636 2606 edificari.
1660 2522 1782 2582 Sed

345 2611 545 2671 multo
570 2609 760 2692 magis
787 2610 953 2695 apud
981 2631 1146 2694 quos
1182 2607 1518 2671 commoda
1562 2630 1780 2693 perve-

348 2714 572 2758 nerunt
594 2746 610 2769 ‚
634 2698 842 2780 vigere
879 2695 1064 2758 debet
1089 2695 1323 2780 accepti
1343 2695 1616 2756 muneris
1644 2691 1779 2778 esti-

1597 2803 1701 2836 Ina·
