2234 3180
1702 300 1732 350 5

383 371 580 421 mam,
626 348 1026 435 ejusdemque
1050 351 1343 413 Numinis
1371 354 1674 418 Vicariam
1697 361 1816 419 Po-

382 434 680 509 testatem‚
705 435 1011 500 summam
1027 436 1092 496 in
1116 434 1403 523 supremo
1425 438 1656 526 fastigio
1675 467 1814 507 mo-

383 522 766 585 derationem
789 521 1077 585 exhibeas
1097 570 1111 583 .

470 613 622 692 Qae
658 609 912 694 quidem
946 615 1091 673 cum
1120 610 1376 698 impleas
1401 616 1774 679 cumulatius
1796 667 1813 691 ,

383 699 571 780 quam
588 694 954 780 promiseris,
969 700 1065 760 Te
1083 720 1252 761 nunc
1277 702 1540 786 amplius
1562 724 1690 763 non
1711 704 1815 764 ad-

380 783 710 855 miramur,
746 785 923 869 quud
956 785 1343 869 Dignitatem
1381 805 1556 849 tuam
1583 786 1816 851 recusa-

380 868 538 929 veris
564 917 581 941 ,
623 866 727 931 sed
751 872 926 956 qued
965 873 1296 959 acceperis,
1343 874 1624 938 Noverat
1646 876 1814 939 enim

379 955 566 1016 Mens
591 956 685 1018 illa
706 955 767 1019 fi]
776 959 1059 1030 blimiS‚&
1071 978 1332 1043 cognata
1350 956 1667 1044 syderum,
1681 979 1814 1024 tan-

380 1044 520 1102 tum
544 1039 777 1106 habens
801 1067 947 1106 cum
969 1046 1307 1108 Divinitate
1331 1050 1781 1110 commercium
1796 1095 1812 1121 ,

378 1146 637 1191 noverat
659 1152 851 1204 Onu&
887 1132 1063 1218 quod
1094 1131 1420 1218 parabatur
1444 1182 1460 1206 ,
1497 1135 1811 1218 Angelicis

376 1210 647 1279 humeris
673 1215 1169 1280 formidandum.
1218 1219 1389 1302 Qd
1405 1221 1635 1282 mirum
1665 1226 1811 1304 ergt‘)

377 1295 419 1359 fi
444 1304 671 1366 caeteris
698 1307 793 1366 Te
823 1305 899 1366 ad
926 1302 1163 1369 fiimma
1191 1305 1589 1380 vocantibUS,
1625 1308 1808 1370 Unus

374 1384 689 1453 obfisteres
717 1394 734 1452 ?
780 1394 965 1454 Tunc
1001 1392 1166 1454 enim
1205 1395 1355 1455 verb
1394 1390 1628 1456 facinus
1675 1416 1812 1455 om-

369 1473 545 1535 nium
571 1474 930 1539 steculorum
958 1480 1258 1540 memoria
1288 1476 1710 1561 digniffimum
1745 1503 1807 1542 es

370 1560 674 1643 aggressus
691 1612 706 1636 ‚
733 1569 883 1625 cum
901 1587 1028 1626 non
1055 1566 1220 1626 carni
1248 1613 1263 1638 ,
1289 1566 1346 1627 ἃ
1372 1561 1646 1648 languini
1666 1615 1681 1640 ‚
1705 1564 1808 1630 sed

370 1648 618 1731 Spiritui
635 1648 859 1712 Sanffto
879 1648 1254 1737 aquiescenS‚
1270 1674 1385 1713 nec
1405 1653 1654 1737 privatis
1673 1701 1688 1725 ‚
1703 1651 1807 1715 sed

368 1732 628 1818 publicis
654 1735 978 1800 confidens
1001 1736 1338 1801 rationibus
1359 1787 1375 1811 ‚
1409 1760 1484 1800 eo
1507 1739 1804 1824 temporis

368 1840 697 1885 momento
733 1823 972 1887 Orbem
1019 1821 1445 1886 sustinendum
1490 1824 1770 1911 accepisti
1791 1874 1805 1898 ‚

371 1926 502 1990 quo
520 1906 756 1993 lapsum
780 1909 1125 1972 minabatur
1144 1934 1160 1979 3
1182 1910 1452 1996 Tibique
1474 1909 1808 1973 Ecclesiam

370 1992 738 2057 Universam
762 1997 942 2059 unice
977 1997 1499 2059 commendarunt,
1523 1999 1805 2060 maximae

369 2079 739 2145 calamitates
762 2131 778 2155 ‚
803 2083 1062 2145 &totius
1087 2081 1273 2144 Orbis
1305 2080 1583 2146 foelicitas
1606 2085 1804 2147 extitit

369 2162 498 2227 haec
523 2189 645 2230 una
671 2217 686 2241 ‚
722 2167 893 2232 fuiffe
914 2165 1231 2230 miserum.
1799 2204 1801 2206 ·

457 2255 667 2335 Qam
695 2252 866 2318 foeda
899 2255 1064 2317 enim
1103 2272 1254 2318 tunc
1283 2276 1492 2317 rerum
1526 2253 1707 2318 facies
1745 2253 1803 2319 se

371 2340 578 2404 animo
603 2341 840 2427 ingeffit
862 2346 877 2404 ἓ
901 2345 1077 2426 Qot
1096 2338 1479 2425 gliscentium
1499 2341 1806 2405 bellorum

369 2430 711 2493 tumultus?
747 2434 921 2515 Qot
945 2430 1316 2516 proeliorum
1334 2425 1559 2492 semina
1576 2478 1592 2503 ,
1612 2430 1713 2493 Vel
1741 2430 1805 2491 in

371 2531 511 2573 ortu
530 2510 636 2578 suo
662 2519 933 2601 grandia?
955 2520 1108 2600 Qae
1129 2516 1444 2603 diuturne,
1465 2517 1523 2578 8<
1541 2533 1633 2578 tot
1653 2538 1802 2578 con-

371 2595 793 2667 sultationibus
827 2605 1123 2690 imperate
1162 2606 1448 2688 Regum,
1490 2625 1556 2664 ac
1578 2602 1804 2664 Princi-

370 2708 526 2772 pum
545 2689 631 2775 ire
658 2695 675 2752 ἓ
722 2693 864 2778 Qe
892 2713 1207 2755 novorum
1228 2696 1620 2775 Dogmatum
1642 2689 1803 2751 mul-

1659 2797 1724 2836 tis

599 2999 701 3007 v——-
1810 3001 1953 3008 ———
