<?xml version="1.0" encoding="UTF-8"?>
<!DOCTYPE html PUBLIC "-//W3C//DTD XHTML 1.0 Transitional//EN"
    "http://www.w3.org/TR/xhtml1/DTD/xhtml1-transitional.dtd">
<html xmlns="http://www.w3.org/1999/xhtml" xml:lang="en" lang="en">
 <head>
  <title>
</title>
<meta http-equiv="Content-Type" content="text/html;charset=utf-8" />
  <meta name='ocr-system' content='tesseract 3.04.00' />
  <meta name='ocr-capabilities' content='ocr_page ocr_carea ocr_par ocr_line ocrx_word'/>
</head>
<body>
  <div class='ocr_page' id='page_1' title='image "./gratiarumactioex00spec_0014.png"; bbox 0 0 2234 3180; ppageno 0'>
   <div class='ocr_carea' id='block_1_1' title="bbox 376 397 1913 491">
    <p class='ocr_par' dir='ltr' id='par_1_1' title="bbox 375 395 1913 491">
     <span class='ocr_line' id='line_1_1' title="bbox 376 397 1913 491; baseline -0.004 -25.004"><span class='ocrx_word' id='word_1_1' title='bbox 376 480 378 491; x_wconf 83' lang='lat'>.</span> <span class='ocrx_word' id='word_1_2' title='bbox 436 448 444 458; x_wconf 84' lang='lat'><strong>.</strong></span> <span class='ocrx_word' id='word_1_3' title='bbox 490 400 861 465; x_wconf 78' lang='lat' dir='ltr'>incursiones</span> <span class='ocrx_word' id='word_1_4' title='bbox 888 449 903 474; x_wconf 85' lang='lat'>‚</span> <span class='ocrx_word' id='word_1_5' title='bbox 950 401 1379 484; x_wconf 78' lang='lat' dir='ltr'><strong>licentiamque</strong></span> <span class='ocrx_word' id='word_1_6' title='bbox 1427 397 1693 458; x_wconf 88' lang='lat' dir='ltr'>munires</span> <span class='ocrx_word' id='word_1_7' title='bbox 1720 446 1735 470; x_wconf 85' lang='lat'>‚</span> <span class='ocrx_word' id='word_1_8' title='bbox 1783 422 1913 484; x_wconf 88' lang='lat' dir='ltr'>quo</span> 
     </span>
    </p>
   </div>
   <div class='ocr_carea' id='block_1_2' title="bbox 315 527 402 1137">
    <p class='ocr_par' dir='ltr' id='par_1_2' title="bbox 315 527 402 1137">
     <span class='ocr_line' id='line_1_2' title="bbox 315 527 402 786; baseline 0 -166"><span class='ocrx_word' id='word_1_9' title='bbox 315 527 402 786; x_wconf 95' lang='lat' dir='ltr'>   </span> 
     </span>
     <span class='ocr_line' id='line_1_3' title="bbox 315 786 402 875; baseline 0 2305"><span class='ocrx_word' id='word_1_10' title='bbox 315 786 402 875; x_wconf 95' lang='lat' dir='ltr'> </span> 
     </span>
     <span class='ocr_line' id='line_1_4' title="bbox 315 875 402 1137; baseline 0 0"><span class='ocrx_word' id='word_1_11' title='bbox 315 875 402 1137; x_wconf 95' lang='lat' dir='ltr'>   </span> 
     </span>
    </p>
   </div>
   <div class='ocr_carea' id='block_1_3' title="bbox 374 271 388 1225">
    <p class='ocr_par' dir='ltr' id='par_1_3' title="bbox 374 271 388 1225">
     <span class='ocr_line' id='line_1_5' title="bbox 374 271 388 1225; baseline 0 0"><span class='ocrx_word' id='word_1_12' title='bbox 374 271 388 1225; x_wconf 95' lang='lat' dir='ltr'> </span> 
     </span>
    </p>
   </div>
   <div class='ocr_carea' id='block_1_4' title="bbox 315 1137 402 1220">
    <p class='ocr_par' dir='ltr' id='par_1_4' title="bbox 315 1137 402 1220">
     <span class='ocr_line' id='line_1_6' title="bbox 315 1137 402 1220; baseline 0 1960"><span class='ocrx_word' id='word_1_13' title='bbox 315 1137 402 1220; x_wconf 95' lang='lat' dir='ltr'> </span> 
     </span>
    </p>
   </div>
   <div class='ocr_carea' id='block_1_5' title="bbox 341 391 350 1332">
    <p class='ocr_par' dir='ltr' id='par_1_5' title="bbox 341 391 350 1332">
     <span class='ocr_line' id='line_1_7' title="bbox 341 391 350 1332; baseline 0 0"><span class='ocrx_word' id='word_1_14' title='bbox 341 391 350 1332; x_wconf 95' lang='lat' dir='ltr'> </span> 
     </span>
    </p>
   </div>
   <div class='ocr_carea' id='block_1_6' title="bbox 315 1220 2106 2982">
    <p class='ocr_par' dir='ltr' id='par_1_6' title="bbox 315 1220 2106 2982">
     <span class='ocr_line' id='line_1_8' title="bbox 315 1220 402 1312; baseline 0 1868"><span class='ocrx_word' id='word_1_15' title='bbox 315 1220 402 1312; x_wconf 95' lang='lat' dir='ltr'> </span> 
     </span>
     <span class='ocr_line' id='line_1_9' title="bbox 315 1312 402 1563; baseline 0 -86"><span class='ocrx_word' id='word_1_16' title='bbox 315 1312 402 1563; x_wconf 95' lang='lat' dir='ltr'>   </span> 
     </span>
     <span class='ocr_line' id='line_1_10' title="bbox 315 1563 402 1733; baseline 0 0"><span class='ocrx_word' id='word_1_17' title='bbox 315 1563 402 1733; x_wconf 95' lang='lat' dir='ltr'>  </span> 
     </span>
     <span class='ocr_line' id='line_1_11' title="bbox 315 1733 402 1912; baseline 0 0"><span class='ocrx_word' id='word_1_18' title='bbox 315 1733 402 1912; x_wconf 95' lang='lat' dir='ltr'>  </span> 
     </span>
     <span class='ocr_line' id='line_1_12' title="bbox 315 1912 402 1990; baseline 0 1190"><span class='ocrx_word' id='word_1_19' title='bbox 315 1912 402 1990; x_wconf 95' lang='lat' dir='ltr'> </span> 
     </span>
     <span class='ocr_line' id='line_1_13' title="bbox 315 1990 402 2220; baseline 0 -33"><span class='ocrx_word' id='word_1_20' title='bbox 315 1990 402 2220; x_wconf 95' lang='lat' dir='ltr'>   </span> 
     </span>
     <span class='ocr_line' id='line_1_14' title="bbox 315 2220 402 2510; baseline 0 -78"><span class='ocrx_word' id='word_1_21' title='bbox 315 2220 402 2510; x_wconf 95' lang='lat' dir='ltr'>   </span> 
     </span>
     <span class='ocr_line' id='line_1_15' title="bbox 315 2510 402 2595; baseline 0 585"><span class='ocrx_word' id='word_1_22' title='bbox 315 2510 402 2595; x_wconf 95' lang='lat' dir='ltr'> </span> 
     </span>
     <span class='ocr_line' id='line_1_16' title="bbox 315 2595 2106 2982; baseline 0 -212"><span class='ocrx_word' id='word_1_23' title='bbox 315 2595 2106 2982; x_wconf 95' lang='lat' dir='ltr'>   </span> 
     </span>
    </p>
   </div>
   <div class='ocr_carea' id='block_1_7' title="bbox 389 1944 396 2803">
    <p class='ocr_par' dir='ltr' id='par_1_7' title="bbox 389 1944 396 2803">
     <span class='ocr_line' id='line_1_17' title="bbox 389 1944 396 2803; baseline 0 0"><span class='ocrx_word' id='word_1_24' title='bbox 389 1944 396 2803; x_wconf 95' lang='lat' dir='ltr'> </span> 
     </span>
    </p>
   </div>
   <div class='ocr_carea' id='block_1_8' title="bbox 1432 80 1991 85">
    <p class='ocr_par' dir='ltr' id='par_1_8' title="bbox 1432 80 1991 85">
     <span class='ocr_line' id='line_1_18' title="bbox 1432 80 1991 85; baseline 0 0"><span class='ocrx_word' id='word_1_25' title='bbox 1432 80 1991 85; x_wconf 95' lang='lat' dir='ltr'> </span> 
     </span>
    </p>
   </div>
   <div class='ocr_carea' id='block_1_9' title="bbox 315 60 2086 427">
    <p class='ocr_par' dir='ltr' id='par_1_9' title="bbox 315 60 2086 427">
     <span class='ocr_line' id='line_1_19' title="bbox 315 60 2086 427; baseline 0 0"><span class='ocrx_word' id='word_1_26' title='bbox 315 60 2086 427; x_wconf 95' lang='lat' dir='ltr'>   </span> 
     </span>
    </p>
   </div>
   <div class='ocr_carea' id='block_1_10' title="bbox 491 310 1915 388">
    <p class='ocr_par' dir='ltr' id='par_1_10' title="bbox 491 310 1915 388">
     <span class='ocr_line' id='line_1_20' title="bbox 491 310 1915 388; baseline -0.003 -10"><span class='ocrx_word' id='word_1_27' title='bbox 491 318 826 378; x_wconf 76' lang='lat' dir='ltr'>Civitatem</span> <span class='ocrx_word' id='word_1_28' title='bbox 850 363 865 388; x_wconf 87' lang='grc'>,</span> <span class='ocrx_word' id='word_1_29' title='bbox 903 315 1197 375; x_wconf 78' lang='lat' dir='ltr'>adversus</span> <span class='ocrx_word' id='word_1_30' title='bbox 1218 310 1620 373; x_wconf 83' lang='lat' dir='ltr'>finitimorum</span> <span class='ocrx_word' id='word_1_31' title='bbox 1640 313 1915 374; x_wconf 83' lang='lat' dir='ltr'>Militum</span> 
     </span>
    </p>
   </div>
   <div class='ocr_carea' id='block_1_11' title="bbox 490 482 1927 2726">
    <p class='ocr_par' dir='ltr' id='par_1_11' title="bbox 490 482 1923 1266">
     <span class='ocr_line' id='line_1_21' title="bbox 490 482 1918 574; baseline -0.004 -23"><span class='ocrx_word' id='word_1_32' title='bbox 490 508 768 574; x_wconf 88' lang='lat' dir='ltr'>tempore</span> <span class='ocrx_word' id='word_1_33' title='bbox 808 487 1039 549; x_wconf 86' lang='lat' dir='ltr'>moenia</span> <span class='ocrx_word' id='word_1_34' title='bbox 1068 486 1326 549; x_wconf 75' lang='lat' dir='ltr'>validius</span> <span class='ocrx_word' id='word_1_35' title='bbox 1346 482 1586 552; x_wconf 85' lang='lat' dir='ltr'>firmas;</span> <span class='ocrx_word' id='word_1_36' title='bbox 1633 503 1918 566; x_wconf 79' lang='lat' dir='ltr'><strong>aggerem</strong></span> 
     </span>
     <span class='ocr_line' id='line_1_22' title="bbox 492 569 1918 661; baseline -0.005 -25"><span class='ocrx_word' id='word_1_37' title='bbox 492 573 820 661; x_wconf 84' lang='lat' dir='ltr'>amplificas</span> <span class='ocrx_word' id='word_1_38' title='bbox 842 623 857 647; x_wconf 86' lang='lat'>‚</span> <span class='ocrx_word' id='word_1_39' title='bbox 902 573 1168 635; x_wconf 84' lang='lat' dir='ltr'>Militem</span> <span class='ocrx_word' id='word_1_40' title='bbox 1212 591 1395 653; x_wconf 89' lang='lat' dir='ltr'>auges</span> <span class='ocrx_word' id='word_1_41' title='bbox 1433 618 1448 642; x_wconf 83' lang='grc'>,</span> <span class='ocrx_word' id='word_1_42' title='bbox 1496 573 1718 631; x_wconf 81' lang='lat' dir='ltr'>Pacem</span> <span class='ocrx_word' id='word_1_43' title='bbox 1762 569 1918 631; x_wconf 88' lang='lat' dir='ltr'>inter</span> 
     </span>
     <span class='ocr_line' id='line_1_23' title="bbox 490 656 1919 743; baseline -0.006 -19"><span class='ocrx_word' id='word_1_44' title='bbox 490 662 645 726; x_wconf 88' lang='lat' dir='ltr'>bella</span> <span class='ocrx_word' id='word_1_45' title='bbox 664 661 970 723; x_wconf 88' lang='lat' dir='ltr'>meditaris</span> <span class='ocrx_word' id='word_1_46' title='bbox 991 707 1006 731; x_wconf 87' lang='lat'>‚</span> <span class='ocrx_word' id='word_1_47' title='bbox 1027 679 1245 743; x_wconf 87' lang='lat' dir='ltr'>pacem</span> <span class='ocrx_word' id='word_1_48' title='bbox 1264 656 1533 741; x_wconf 85' lang='lat' dir='ltr'>loqueris</span> <span class='ocrx_word' id='word_1_49' title='bbox 1548 705 1563 728; x_wconf 86' lang='lat'>,</span> <span class='ocrx_word' id='word_1_50' title='bbox 1590 658 1647 719; x_wconf 62' lang='grc' dir='ltr'>ὅ(</span> <span class='ocrx_word' id='word_1_51' title='bbox 1665 656 1919 718; x_wconf 80' lang='lat' dir='ltr'>tandem</span> 
     </span>
     <span class='ocr_line' id='line_1_24' title="bbox 492 739 1920 830; baseline -0.005 -20"><span class='ocrx_word' id='word_1_52' title='bbox 492 747 726 811; x_wconf 69' lang='lat' dir='ltr'>vi&amp;1·ici</span> <span class='ocrx_word' id='word_1_53' title='bbox 766 745 1090 830; x_wconf 89' lang='lat' dir='ltr'>prudentia</span> <span class='ocrx_word' id='word_1_54' title='bbox 1123 747 1367 804; x_wconf 76' lang='lat' dir='ltr'>tantum</span> <span class='ocrx_word' id='word_1_55' title='bbox 1396 739 1670 803; x_wconf 81' lang='lat' dir='ltr'>suadebis</span> <span class='ocrx_word' id='word_1_56' title='bbox 1692 791 1706 815; x_wconf 86' lang='lat'>,</span> <span class='ocrx_word' id='word_1_57' title='bbox 1750 740 1920 804; x_wconf 86' lang='lat' dir='ltr'>utse-</span> 
     </span>
     <span class='ocr_line' id='line_1_25' title="bbox 491 828 1919 917; baseline -0.004 -22"><span class='ocrx_word' id='word_1_58' title='bbox 491 832 613 895; x_wconf 72' lang='lat' dir='ltr'>mel</span> <span class='ocrx_word' id='word_1_59' title='bbox 657 828 1013 917; x_wconf 75' lang='lat' dir='ltr'>perluadeas</span> <span class='ocrx_word' id='word_1_60' title='bbox 1052 854 1068 899; x_wconf 92' lang='lat'>;</span> <span class='ocrx_word' id='word_1_61' title='bbox 1126 830 1638 914; x_wconf 85' lang='lat' dir='ltr'>opportuniorem</span> <span class='ocrx_word' id='word_1_62' title='bbox 1698 830 1919 892; x_wconf 84' lang='lat' dir='ltr'>divinis</span> 
     </span>
     <span class='ocr_line' id='line_1_26' title="bbox 494 916 1921 998; baseline -0.003 -17"><span class='ocrx_word' id='word_1_63' title='bbox 494 919 776 981; x_wconf 78' lang='lat' dir='ltr'>laudibus</span> <span class='ocrx_word' id='word_1_64' title='bbox 793 917 1022 978; x_wconf 80' lang='lat' dir='ltr'>extruis</span> <span class='ocrx_word' id='word_1_65' title='bbox 1041 917 1251 977; x_wconf 85' lang='lat' dir='ltr'>locum</span> <span class='ocrx_word' id='word_1_66' title='bbox 1270 963 1284 988; x_wconf 84' lang='lat'>‚</span> <span class='ocrx_word' id='word_1_67' title='bbox 1322 933 1389 976; x_wconf 89' lang='lat' dir='ltr'>ut</span> <span class='ocrx_word' id='word_1_68' title='bbox 1407 916 1882 998; x_wconf 78' lang='lat' dir='ltr'>intelligeremus</span> <span class='ocrx_word' id='word_1_69' title='bbox 1905 964 1921 989; x_wconf 91' lang='lat'>,</span> 
     </span>
     <span class='ocr_line' id='line_1_27' title="bbox 497 999 1923 1091; baseline -0.002 -25"><span class='ocrx_word' id='word_1_70' title='bbox 497 1009 805 1091; x_wconf 74' lang='lat' dir='ltr'>quantum</span> <span class='ocrx_word' id='word_1_71' title='bbox 824 1003 1040 1073; x_wconf 69' lang='lat' dir='ltr'>Cordi,</span> <span class='ocrx_word' id='word_1_72' title='bbox 1057 1007 1362 1087; x_wconf 77' lang='lat' dir='ltr'>quantum</span> <span class='ocrx_word' id='word_1_73' title='bbox 1382 1002 1524 1064; x_wconf 80' lang='lat' dir='ltr'>Tibi</span> <span class='ocrx_word' id='word_1_74' title='bbox 1542 999 1656 1063; x_wconf 84' lang='lat' dir='ltr'>fint</span> <span class='ocrx_word' id='word_1_75' title='bbox 1676 1004 1737 1063; x_wconf 90' lang='lat' dir='ltr'>in</span> <span class='ocrx_word' id='word_1_76' title='bbox 1757 1025 1923 1066; x_wconf 89' lang='lat' dir='ltr'>amo-</span> 
     </span>
     <span class='ocr_line' id='line_1_28' title="bbox 497 1085 1921 1175; baseline -0.003 -22"><span class='ocrx_word' id='word_1_77' title='bbox 497 1091 663 1153; x_wconf 82' lang='lat' dir='ltr'>ribus</span> <span class='ocrx_word' id='word_1_78' title='bbox 680 1138 696 1163; x_wconf 85' lang='lat'>,</span> <span class='ocrx_word' id='word_1_79' title='bbox 716 1090 792 1151; x_wconf 90' lang='lat' dir='ltr'>ad</span> <span class='ocrx_word' id='word_1_80' title='bbox 811 1111 1084 1175; x_wconf 87' lang='lat' dir='ltr'>quorum</span> <span class='ocrx_word' id='word_1_81' title='bbox 1104 1085 1356 1149; x_wconf 75' lang='lat' dir='ltr'>salutem</span> <span class='ocrx_word' id='word_1_82' title='bbox 1372 1088 1568 1160; x_wconf 83' lang='lat' dir='ltr'>Coeli,</span> <span class='ocrx_word' id='word_1_83' title='bbox 1592 1105 1921 1150; x_wconf 87' lang='lat' dir='ltr'>terrarum-</span> 
     </span>
     <span class='ocr_line' id='line_1_29' title="bbox 499 1173 1372 1266; baseline -0.003 -27"><span class='ocrx_word' id='word_1_84' title='bbox 499 1180 621 1266; x_wconf 83' lang='lat' dir='ltr'>que</span> <span class='ocrx_word' id='word_1_85' title='bbox 640 1173 985 1262; x_wconf 68' lang='lat' dir='ltr'>praesidium</span> <span class='ocrx_word' id='word_1_86' title='bbox 1010 1175 1338 1237; x_wconf 82' lang='lat' dir='ltr'>advocares</span> <span class='ocrx_word' id='word_1_87' title='bbox 1361 1224 1372 1236; x_wconf 93' lang='lat'><strong>.</strong></span> 
     </span>
    </p>

    <p class='ocr_par' dir='ltr' id='par_1_12' title="bbox 497 1260 1927 2726">
     <span class='ocr_line' id='line_1_30' title="bbox 587 1260 1922 1346; baseline -0.002 -21"><span class='ocrx_word' id='word_1_88' title='bbox 587 1268 691 1325; x_wconf 73' lang='lat' dir='ltr'>An</span> <span class='ocrx_word' id='word_1_89' title='bbox 734 1265 883 1325; x_wconf 84' lang='lat' dir='ltr'>vero</span> <span class='ocrx_word' id='word_1_90' title='bbox 929 1260 1057 1323; x_wconf 73' lang='lat' dir='ltr'>haec</span> <span class='ocrx_word' id='word_1_91' title='bbox 1102 1283 1216 1346; x_wconf 87' lang='lat' dir='ltr'>pro</span> <span class='ocrx_word' id='word_1_92' title='bbox 1261 1260 1460 1323; x_wconf 87' lang='lat' dir='ltr'>nostra</span> <span class='ocrx_word' id='word_1_93' title='bbox 1504 1262 1922 1336; x_wconf 88' lang='lat' dir='ltr'>incolumitate</span> 
     </span>
     <span class='ocr_line' id='line_1_31' title="bbox 498 1345 1925 1433; baseline -0.001 -23"><span class='ocrx_word' id='word_1_94' title='bbox 498 1350 746 1411; x_wconf 86' lang='lat' dir='ltr'>molitus</span> <span class='ocrx_word' id='word_1_95' title='bbox 768 1370 830 1409; x_wconf 90' lang='lat' dir='ltr'>es</span> <span class='ocrx_word' id='word_1_96' title='bbox 854 1396 869 1420; x_wconf 84' lang='grc'>,</span> <span class='ocrx_word' id='word_1_97' title='bbox 895 1354 1044 1410; x_wconf 67' lang='lat' dir='ltr'>etim</span> <span class='ocrx_word' id='word_1_98' title='bbox 1061 1348 1237 1408; x_wconf 77' lang='lat' dir='ltr'>nullae</span> <span class='ocrx_word' id='word_1_99' title='bbox 1263 1365 1611 1433; x_wconf 84' lang='lat' dir='ltr'>premerent</span> <span class='ocrx_word' id='word_1_100' title='bbox 1632 1345 1826 1410; x_wconf 77' lang='lat' dir='ltr'>lacros</span> <span class='ocrx_word' id='word_1_101' title='bbox 1861 1350 1925 1410; x_wconf 94' lang='lat' dir='ltr'>in</span> 
     </span>
     <span class='ocr_line' id='line_1_32' title="bbox 498 1431 1923 1520; baseline 0 -24"><span class='ocrx_word' id='word_1_102' title='bbox 498 1433 638 1497; x_wconf 77' lang='lat' dir='ltr'>usus</span> <span class='ocrx_word' id='word_1_103' title='bbox 681 1431 1002 1519; x_wconf 72' lang='lat' dir='ltr'>impensae?</span> <span class='ocrx_word' id='word_1_104' title='bbox 1052 1436 1304 1496; x_wconf 82' lang='lat' dir='ltr'>Norunt</span> <span class='ocrx_word' id='word_1_105' title='bbox 1341 1435 1646 1518; x_wconf 79' lang='lat' dir='ltr'>Qrites‚</span> <span class='ocrx_word' id='word_1_106' title='bbox 1693 1433 1923 1520; x_wconf 85' lang='lat' dir='ltr'>quibus</span> 
     </span>
     <span class='ocr_line' id='line_1_33' title="bbox 500 1518 1926 1607; baseline -0.001 -24"><span class='ocrx_word' id='word_1_107' title='bbox 500 1519 639 1583; x_wconf 87' lang='lat' dir='ltr'>suus</span> <span class='ocrx_word' id='word_1_108' title='bbox 680 1523 800 1607; x_wconf 73' lang='lat' dir='ltr'>ipse</span> <span class='ocrx_word' id='word_1_109' title='bbox 823 1519 1052 1605; x_wconf 80' lang='lat' dir='ltr'>Tybris</span> <span class='ocrx_word' id='word_1_110' title='bbox 1090 1518 1338 1583; x_wconf 87' lang='lat' dir='ltr'>infestus</span> <span class='ocrx_word' id='word_1_111' title='bbox 1358 1521 1600 1603; x_wconf 87' lang='lat' dir='ltr'>gemina</span> <span class='ocrx_word' id='word_1_112' title='bbox 1619 1522 1926 1582; x_wconf 87' lang='lat' dir='ltr'>undarum</span> 
     </span>
     <span class='ocr_line' id='line_1_34' title="bbox 500 1607 1926 1691; baseline -0.001 -21"><span class='ocrx_word' id='word_1_113' title='bbox 500 1608 784 1671; x_wconf 82' lang='lat' dir='ltr'>eluvione</span> <span class='ocrx_word' id='word_1_114' title='bbox 802 1657 817 1680; x_wconf 82' lang='lat'>‚</span> <span class='ocrx_word' id='word_1_115' title='bbox 862 1611 919 1670; x_wconf 71' lang='grc' dir='ltr'>ὅ(</span> <span class='ocrx_word' id='word_1_116' title='bbox 939 1624 1109 1668; x_wconf 80' lang='lat' dir='ltr'>terrae</span> <span class='ocrx_word' id='word_1_117' title='bbox 1131 1655 1146 1679; x_wconf 83' lang='lat'>‚</span> <span class='ocrx_word' id='word_1_118' title='bbox 1184 1608 1240 1668; x_wconf 61' lang='grc' dir='ltr'>ἃ(</span> <span class='ocrx_word' id='word_1_119' title='bbox 1265 1609 1383 1670; x_wconf 90' lang='lat' dir='ltr'>aeri</span> <span class='ocrx_word' id='word_1_120' title='bbox 1405 1607 1604 1691; x_wconf 81' lang='lat' dir='ltr'>gravis</span> <span class='ocrx_word' id='word_1_121' title='bbox 1627 1656 1643 1680; x_wconf 86' lang='grc'>,</span> <span class='ocrx_word' id='word_1_122' title='bbox 1678 1607 1926 1690; x_wconf 89' lang='lat' dir='ltr'>gemino</span> 
     </span>
     <span class='ocr_line' id='line_1_35' title="bbox 501 1691 1924 1781; baseline 0 -26"><span class='ocrx_word' id='word_1_123' title='bbox 501 1691 1043 1758; x_wconf 80' lang='lat' dir='ltr'>munificentissimi</span> <span class='ocrx_word' id='word_1_124' title='bbox 1063 1694 1355 1781; x_wconf 86' lang='lat' dir='ltr'>Principis</span> <span class='ocrx_word' id='word_1_125' title='bbox 1397 1691 1696 1757; x_wconf 86' lang='lat' dir='ltr'>beneficio</span> <span class='ocrx_word' id='word_1_126' title='bbox 1718 1710 1924 1778; x_wconf 86' lang='lat' dir='ltr'>pacata</span> 
     </span>
     <span class='ocr_line' id='line_1_36' title="bbox 500 1776 1925 1867; baseline -0.001 -26"><span class='ocrx_word' id='word_1_127' title='bbox 500 1782 705 1842; x_wconf 86' lang='lat' dir='ltr'>omnia</span> <span class='ocrx_word' id='word_1_128' title='bbox 726 1829 740 1854; x_wconf 87' lang='lat'>‚</span> <span class='ocrx_word' id='word_1_129' title='bbox 759 1780 1084 1867; x_wconf 86' lang='lat' dir='ltr'>ipsumque</span> <span class='ocrx_word' id='word_1_130' title='bbox 1102 1781 1443 1865; x_wconf 88' lang='lat' dir='ltr'>periculum</span> <span class='ocrx_word' id='word_1_131' title='bbox 1457 1777 1563 1842; x_wconf 86' lang='lat' dir='ltr'>fibi</span> <span class='ocrx_word' id='word_1_132' title='bbox 1583 1776 1810 1842; x_wconf 86' lang='lat' dir='ltr'>sensere</span> <span class='ocrx_word' id='word_1_133' title='bbox 1835 1780 1925 1840; x_wconf 83' lang='lat' dir='ltr'>in-</span> 
     </span>
     <span class='ocr_line' id='line_1_37' title="bbox 500 1863 1927 1948; baseline 0.001 -20"><span class='ocrx_word' id='word_1_134' title='bbox 500 1867 761 1929; x_wconf 75' lang='lat' dir='ltr'>noxium</span> <span class='ocrx_word' id='word_1_135' title='bbox 786 1916 798 1929; x_wconf 90' lang='lat'><strong>.</strong></span> <span class='ocrx_word' id='word_1_136' title='bbox 840 1870 1091 1928; x_wconf 85' lang='lat' dir='ltr'>Norunt</span> <span class='ocrx_word' id='word_1_137' title='bbox 1116 1863 1391 1948; x_wconf 60' lang='lat' dir='ltr'>subjeffie</span> <span class='ocrx_word' id='word_1_138' title='bbox 1410 1884 1503 1929; x_wconf 85' lang='lat' dir='ltr'>tot</span> <span class='ocrx_word' id='word_1_139' title='bbox 1527 1865 1727 1929; x_wconf 90' lang='lat' dir='ltr'>Urbes</span> <span class='ocrx_word' id='word_1_140' title='bbox 1754 1915 1769 1939; x_wconf 88' lang='lat'>,</span> <span class='ocrx_word' id='word_1_141' title='bbox 1815 1889 1927 1929; x_wconf 92' lang='lat' dir='ltr'>no-</span> 
     </span>
     <span class='ocr_line' id='line_1_38' title="bbox 500 1951 1926 2040; baseline 0.001 -26"><span class='ocrx_word' id='word_1_142' title='bbox 500 1971 641 2014; x_wconf 90' lang='lat' dir='ltr'>runt</span> <span class='ocrx_word' id='word_1_143' title='bbox 673 1953 922 2040; x_wconf 89' lang='lat' dir='ltr'>Oppida</span> <span class='ocrx_word' id='word_1_144' title='bbox 942 2001 957 2026; x_wconf 84' lang='lat'>‚</span> <span class='ocrx_word' id='word_1_145' title='bbox 991 1969 1214 2015; x_wconf 88' lang='lat' dir='ltr'>terram</span> <span class='ocrx_word' id='word_1_146' title='bbox 1238 1954 1418 2015; x_wconf 84' lang='lat' dir='ltr'>etiam</span> <span class='ocrx_word' id='word_1_147' title='bbox 1452 1951 1789 2015; x_wconf 87' lang='lat' dir='ltr'>instabilem</span> <span class='ocrx_word' id='word_1_148' title='bbox 1827 1975 1926 2015; x_wconf 78' lang='lat' dir='ltr'>ex-</span> 
     </span>
     <span class='ocr_line' id='line_1_39' title="bbox 497 2037 1926 2125; baseline 0 -26"><span class='ocrx_word' id='word_1_149' title='bbox 497 2058 668 2125; x_wconf 88' lang='lat' dir='ltr'>perta</span> <span class='ocrx_word' id='word_1_150' title='bbox 694 2089 708 2113; x_wconf 82' lang='lat'>,</span> <span class='ocrx_word' id='word_1_151' title='bbox 733 2063 867 2125; x_wconf 77' lang='lat' dir='ltr'>quae</span> <span class='ocrx_word' id='word_1_152' title='bbox 888 2038 1324 2124; x_wconf 69' lang='lat' dir='ltr'>terremotibus</span> <span class='ocrx_word' id='word_1_153' title='bbox 1353 2057 1585 2125; x_wconf 80' lang='lat' dir='ltr'>aequata</span> <span class='ocrx_word' id='word_1_154' title='bbox 1604 2037 1758 2112; x_wconf 83' lang='lat' dir='ltr'>solo,</span> <span class='ocrx_word' id='word_1_155' title='bbox 1800 2062 1926 2100; x_wconf 92' lang='lat' dir='ltr'>non</span> 
     </span>
     <span class='ocr_line' id='line_1_40' title="bbox 500 2123 1925 2188; baseline -0.001 -2"><span class='ocrx_word' id='word_1_156' title='bbox 500 2127 614 2187; x_wconf 84' lang='lat' dir='ltr'>nisi</span> <span class='ocrx_word' id='word_1_157' title='bbox 661 2128 841 2188; x_wconf 86' lang='lat' dir='ltr'>unius</span> <span class='ocrx_word' id='word_1_158' title='bbox 862 2127 1203 2188; x_wconf 87' lang='lat' dir='ltr'>Clementis</span> <span class='ocrx_word' id='word_1_159' title='bbox 1250 2125 1596 2187; x_wconf 90' lang='lat' dir='ltr'>liberalitate</span> <span class='ocrx_word' id='word_1_160' title='bbox 1635 2123 1925 2187; x_wconf 84' lang='lat' dir='ltr'>felicitan-</span> 
     </span>
     <span class='ocr_line' id='line_1_41' title="bbox 500 2211 1925 2294; baseline 0 -22"><span class='ocrx_word' id='word_1_161' title='bbox 500 2228 600 2272; x_wconf 85' lang='lat' dir='ltr'>tur</span> <span class='ocrx_word' id='word_1_162' title='bbox 618 2260 630 2271; x_wconf 89' lang='lat'><strong>.</strong></span> <span class='ocrx_word' id='word_1_163' title='bbox 678 2215 931 2275; x_wconf 85' lang='lat' dir='ltr'>Norunt</span> <span class='ocrx_word' id='word_1_164' title='bbox 955 2230 1408 2275; x_wconf 85' lang='lat' dir='ltr'>commorantes</span> <span class='ocrx_word' id='word_1_165' title='bbox 1444 2211 1648 2273; x_wconf 74' lang='lat' dir='ltr'>adhue</span> <span class='ocrx_word' id='word_1_166' title='bbox 1677 2213 1742 2273; x_wconf 93' lang='lat' dir='ltr'>in</span> <span class='ocrx_word' id='word_1_167' title='bbox 1772 2213 1925 2294; x_wconf 90' lang='lat' dir='ltr'>agris</span> 
     </span>
     <span class='ocr_line' id='line_1_42' title="bbox 500 2294 1926 2386; baseline 0 -28"><span class='ocrx_word' id='word_1_168' title='bbox 500 2294 836 2386; x_wconf 48' lang='lat' dir='ltr'>misterandec³</span> <span class='ocrx_word' id='word_1_169' title='bbox 856 2298 1264 2361; x_wconf 89' lang='lat' dir='ltr'>multitudinis</span> <span class='ocrx_word' id='word_1_170' title='bbox 1284 2318 1519 2380; x_wconf 80' lang='lat' dir='ltr'>gregeS‚</span> <span class='ocrx_word' id='word_1_171' title='bbox 1534 2296 1757 2381; x_wconf 84' lang='lat' dir='ltr'>quibus</span> <span class='ocrx_word' id='word_1_172' title='bbox 1778 2303 1926 2358; x_wconf 75' lang='lat' dir='ltr'>cum</span> 
     </span>
     <span class='ocr_line' id='line_1_43' title="bbox 501 2384 1924 2468; baseline 0.002 -27"><span class='ocrx_word' id='word_1_173' title='bbox 501 2384 707 2444; x_wconf 88' lang='lat' dir='ltr'>omnia</span> <span class='ocrx_word' id='word_1_174' title='bbox 722 2432 737 2455; x_wconf 84' lang='lat'>‚</span> <span class='ocrx_word' id='word_1_175' title='bbox 757 2406 892 2468; x_wconf 80' lang='lat' dir='ltr'>quae</span> <span class='ocrx_word' id='word_1_176' title='bbox 921 2385 997 2446; x_wconf 91' lang='lat' dir='ltr'>ad</span> <span class='ocrx_word' id='word_1_177' title='bbox 1014 2385 1205 2447; x_wconf 87' lang='lat' dir='ltr'>vitam</span> <span class='ocrx_word' id='word_1_178' title='bbox 1225 2385 1520 2444; x_wconf 87' lang='lat' dir='ltr'>tuendam</span> <span class='ocrx_word' id='word_1_179' title='bbox 1537 2401 1893 2468; x_wconf 83' lang='lat' dir='ltr'>paraverant</span> <span class='ocrx_word' id='word_1_180' title='bbox 1909 2432 1924 2456; x_wconf 83' lang='lat'>,</span> 
     </span>
     <span class='ocr_line' id='line_1_44' title="bbox 501 2465 1926 2552; baseline 0.002 -24"><span class='ocrx_word' id='word_1_181' title='bbox 501 2469 687 2530; x_wconf 87' lang='lat' dir='ltr'>ruinis</span> <span class='ocrx_word' id='word_1_182' title='bbox 749 2471 1085 2532; x_wconf 87' lang='lat' dir='ltr'>domorum</span> <span class='ocrx_word' id='word_1_183' title='bbox 1139 2468 1363 2530; x_wconf 87' lang='lat' dir='ltr'>fuerint</span> <span class='ocrx_word' id='word_1_184' title='bbox 1420 2465 1772 2552; x_wconf 80' lang='lat' dir='ltr'>consepulta</span> <span class='ocrx_word' id='word_1_185' title='bbox 1803 2518 1818 2542; x_wconf 79' lang='lat'>‚</span> <span class='ocrx_word' id='word_1_186' title='bbox 1862 2471 1926 2531; x_wconf 87' lang='lat' dir='ltr'>id</span> 
     </span>
     <span class='ocr_line' id='line_1_45' title="bbox 500 2552 1926 2641; baseline 0.001 -26"><span class='ocrx_word' id='word_1_187' title='bbox 500 2577 699 2616; x_wconf 90' lang='lat' dir='ltr'>unum</span> <span class='ocrx_word' id='word_1_188' title='bbox 742 2552 850 2616; x_wconf 79' lang='lat' dir='ltr'>fibi</span> <span class='ocrx_word' id='word_1_189' title='bbox 884 2553 1178 2640; x_wconf 73' lang='lat' dir='ltr'>superesse</span> <span class='ocrx_word' id='word_1_190' title='bbox 1225 2554 1632 2639; x_wconf 79' lang='lat' dir='ltr'>gratulantur,</span> <span class='ocrx_word' id='word_1_191' title='bbox 1681 2578 1810 2641; x_wconf 87' lang='lat' dir='ltr'>quo</span> <span class='ocrx_word' id='word_1_192' title='bbox 1846 2558 1926 2617; x_wconf 92' lang='lat' dir='ltr'>la-</span> 
     </span>
     <span class='ocr_line' id='line_1_46' title="bbox 502 2638 1926 2726; baseline 0.001 -26"><span class='ocrx_word' id='word_1_193' title='bbox 502 2638 792 2724; x_wconf 84' lang='lat' dir='ltr'>chrymas</span> <span class='ocrx_word' id='word_1_194' title='bbox 813 2690 829 2715; x_wconf 85' lang='grc'>,</span> <span class='ocrx_word' id='word_1_195' title='bbox 860 2662 1327 2726; x_wconf 85' lang='lat' dir='ltr'>moeroremque</span> <span class='ocrx_word' id='word_1_196' title='bbox 1347 2640 1684 2722; x_wconf 79' lang='lat' dir='ltr'>detergant,</span> <span class='ocrx_word' id='word_1_197' title='bbox 1703 2642 1926 2705; x_wconf 83' lang='lat' dir='ltr'>Princi-</span> 
     </span>
    </p>
   </div>
   <div class='ocr_carea' id='block_1_12' title="bbox 709 2906 1613 2909">
    <p class='ocr_par' dir='ltr' id='par_1_13' title="bbox 709 2906 1613 2909">
     <span class='ocr_line' id='line_1_47' title="bbox 709 2906 1613 2909; baseline 0 0"><span class='ocrx_word' id='word_1_198' title='bbox 709 2906 1613 2909; x_wconf 95' lang='lat' dir='ltr'> </span> 
     </span>
    </p>
   </div>
   <div class='ocr_carea' id='block_1_13' title="bbox 315 271 2086 527">
    <p class='ocr_par' dir='ltr' id='par_1_14' title="bbox 315 271 2086 527">
     <span class='ocr_line' id='line_1_48' title="bbox 315 271 2086 527; baseline 0 -100"><span class='ocrx_word' id='word_1_199' title='bbox 315 427 402 527; x_wconf 95' lang='lat' dir='ltr'> </span> <span class='ocrx_word' id='word_1_200' title='bbox 1915 271 2086 427; x_wconf 95' lang='lat' dir='ltr'> </span> 
     </span>
    </p>
   </div>
   <div class='ocr_carea' id='block_1_14' title="bbox 2030 239 2042 1067">
    <p class='ocr_par' dir='ltr' id='par_1_15' title="bbox 2030 239 2042 1067">
     <span class='ocr_line' id='line_1_49' title="bbox 2030 239 2042 1067; baseline 0 0"><span class='ocrx_word' id='word_1_201' title='bbox 2030 239 2042 1067; x_wconf 95' lang='lat' dir='ltr'> </span> 
     </span>
    </p>
   </div>
   <div class='ocr_carea' id='block_1_15' title="bbox 2038 1214 2049 2673">
    <p class='ocr_par' dir='ltr' id='par_1_16' title="bbox 2038 1214 2049 2673">
     <span class='ocr_line' id='line_1_50' title="bbox 2038 1214 2049 2673; baseline 0 0"><span class='ocrx_word' id='word_1_202' title='bbox 2038 1214 2049 2673; x_wconf 95' lang='lat' dir='ltr'> </span> 
     </span>
    </p>
   </div>
  </div>
 </body>
</html>
